@book{virk,
  author = {Žiga Virk},
  title = {Introduction to Persistence Homology},
  publisher = {Založba UL FRI (University of Ljubljana, Faculty of computer science and informatics)},
  year = {2022}
}
@article{wang,
  author = {Kairui Glen Wang},
  title = {The Basic Theory of Persistence Homology},
  year = {2012}
}
@software{FiltrationDemos,
  author = {Adams, Henry and Segert, Jan},
  title = {Simplicial complex filtration demonstrations in {M}athematica},
  url = {https://www.math.colostate.edu/~adams/research/},
  date = {2011},
}
@book{hatcher,
  author = {Hatcher, Allen},
  title = {Algebraic topology},
  publisher = {Cambridge Univ. Press},
  address = {Cambridge},
  year = {2000},
}